<record><leader>00000cas a22000007a 4500</leader><controlfield tag="001">15869300</controlfield><controlfield tag="008">870609d18uu1905inuwr ne      0    0eng d</controlfield><datafield ind1=" " ind2=" " tag="010"><subfield code="a">sn 87055377 </subfield></datafield><datafield ind1=" " ind2=" " tag="040"><subfield code="a">NPI</subfield><subfield code="b">eng</subfield><subfield code="c">NPI</subfield><subfield code="d">OCLCQ</subfield></datafield><datafield ind1=" " ind2=" " tag="042"><subfield code="a">msc</subfield></datafield><datafield ind1="0" ind2="4" tag="245"><subfield code="a">The Thorntown argus.</subfield></datafield><datafield ind1=" " ind2=" " tag="260"><subfield code="a">Thorntown, Ind. :</subfield><subfield code="b">G.H. Hamilton</subfield></datafield><datafield ind1=" " ind2=" " tag="310"><subfield code="a">Weekly</subfield></datafield><datafield ind1=" " ind2=" " tag="588"><subfield code="a">Description based on: Vol. 14, no. 42 (Oct. 17, 1891).</subfield></datafield><datafield ind1=" " ind2=" " tag="752"><subfield code="a">United States</subfield><subfield code="b">Indiana</subfield><subfield code="c">Boone</subfield><subfield code="d">Thorntown.</subfield></datafield><datafield ind1="0" ind2="0" tag="780"><subfield code="t">Argus (Thorntown, Ind.)</subfield><subfield code="w">(DLC)sn 87055171</subfield></datafield><datafield ind1="0" ind2="7" tag="785"><subfield code="t">Enterprise</subfield></datafield><datafield ind1="0" ind2="7" tag="785"><subfield code="t">Argus-enterprise</subfield></datafield></record>